<record><leader>00000cas a22000007a 4500</leader><controlfield tag="001">9369460</controlfield><controlfield tag="008">830401d19151932cauwr ne      0    0por d</controlfield><datafield ind1=" " ind2=" " tag="010"><subfield code="a">sn 83045238 </subfield></datafield><datafield ind1=" " ind2=" " tag="040"><subfield code="a">CRL</subfield><subfield code="b">eng</subfield><subfield code="c">CRL</subfield><subfield code="d">NPW</subfield><subfield code="d">NSD</subfield><subfield code="d">CRL</subfield><subfield code="d">NST</subfield><subfield code="d">OCLCQ</subfield><subfield code="d">OCLCF</subfield><subfield code="d">OCLCO</subfield><subfield code="d">OCL</subfield></datafield><datafield ind1=" " ind2=" " tag="012"><subfield code="i">8909</subfield></datafield><datafield ind1="1" ind2=" " tag="029"><subfield code="a">AU@</subfield><subfield code="b">000025810655</subfield></datafield><datafield ind1=" " ind2=" " tag="042"><subfield code="a">msc</subfield></datafield><datafield ind1=" " ind2=" " tag="043"><subfield code="a">n-us-ca</subfield></datafield><datafield ind1="0" ind2=" " tag="130"><subfield code="a">Imparcial (Sacramento, Calif.)</subfield></datafield><datafield ind1="1" ind2="2" tag="245"><subfield code="a">O imparcial.</subfield></datafield><datafield ind1=" " ind2=" " tag="260"><subfield code="a">Sacramento, Calif. :</subfield><subfield code="b">Quaresma &amp; Armas Co.</subfield></datafield><datafield ind1=" " ind2=" " tag="300"><subfield code="a">v. ;</subfield><subfield code="c">56 cm.</subfield></datafield><datafield ind1=" " ind2=" " tag="310"><subfield code="a">Weekly</subfield></datafield><datafield ind1="1" ind2=" " tag="362"><subfield code="a">Began in 1915?; ceased in 1932.</subfield><subfield code="z">Cf. Gregory, W. Amer. newspapers.</subfield></datafield><datafield ind1=" " ind2=" " tag="500"><subfield code="a">Publisher varies.</subfield></datafield><datafield ind1="8" ind2=" " tag="521"><subfield code="a">"This is the Portuguese newspaper with the largest circulation in Northern California."</subfield></datafield><datafield ind1=" " ind2=" " tag="530"><subfield code="a">Available on microfilm from the Center for Research Libraries.</subfield></datafield><datafield ind1=" " ind2=" " tag="546"><subfield code="a">In Portuguese.</subfield></datafield><datafield ind1=" " ind2=" " tag="580"><subfield code="a">Merged with: O Co&#770;lonia portugue&#770;sa, and: Jornal de noti&#769;cias (San Francisco, Calif.) to form: Jornal portugu&#770;es (Alameda, Calif.).</subfield></datafield><datafield ind1=" " ind2=" " tag="588"><subfield code="a">Description based on: Ano 4, numero 205 (6 de set. de 1917).</subfield></datafield><datafield ind1=" " ind2="0" tag="650"><subfield code="a">Portuguese newspapers</subfield><subfield code="z">California.</subfield></datafield><datafield ind1=" " ind2="7" tag="650"><subfield code="a">Portuguese newspapers.</subfield><subfield code="2">fast</subfield><subfield code="0">(OCoLC)fst01072599</subfield></datafield><datafield ind1=" " ind2="7" tag="651"><subfield code="a">California.</subfield><subfield code="2">fast</subfield><subfield code="0">(OCoLC)fst01204928</subfield></datafield><datafield ind1=" " ind2=" " tag="752"><subfield code="a">United States</subfield><subfield code="b">California</subfield><subfield code="c">Sacramento</subfield><subfield code="d">Sacramento.</subfield></datafield><datafield ind1="1" ind2="7" tag="785"><subfield code="t">Co&#770;lonia portugue&#770;sa</subfield></datafield><datafield ind1="1" ind2="7" tag="785"><subfield code="t">Jornal de noti&#769;cias (San Francisco, Calif.)</subfield><subfield code="w">(DLC)sn 83045300</subfield><subfield code="w">(OCoLC)10107493</subfield></datafield><datafield ind1="1" ind2="7" tag="785"><subfield code="t">Jornal portugue&#770;s (Alameda, Calif.)</subfield><subfield code="x">8756-2200</subfield><subfield code="w">(DLC)sn 83045804</subfield><subfield code="w">(OCoLC)5686672</subfield></datafield><datafield ind1=" " ind2=" " tag="850"><subfield code="a">ICRL</subfield></datafield></record>